
% This file was created with JabRef 2.7b.
% Encoding: UTF-8

@article{mcculloch1943logical,
	title={A logical calculus of the ideas immanent in nervous activity},
	author={McCulloch, Warren S and Pitts, Walter},
	journal={The bulletin of mathematical biophysics},
	volume={5},
	number={4},
	pages={115--133},
	year={1943},
	publisher={Springer}
}

@book{shalev2014understanding,
	title={Understanding machine learning: From theory to algorithms},
	author={Shalev-Shwartz, Shai and Ben-David, Shai},
	year={2014},
	publisher={Cambridge university press}
}

@book{sayood2017introduction,
	title={Introduction to data compression},
	author={Sayood, Khalid},
	year={2017},
	publisher={Morgan Kaufmann}
}

@book{richardson2010h,
	title={The H. 264 Advanced Video Compression Standard},
	author={Richardson, Iain E},
	year={2010},
	publisher={John Wiley \& Sons Ltd}
}

@inproceedings{wang2003multiscale,
	title={Multiscale structural similarity for image quality assessment},
	author={Wang, Zhou and Simoncelli, Eero P and Bovik, Alan C},
	booktitle={The Thrity-Seventh Asilomar Conference on Signals, Systems \& Computers, 2003},
	volume={2},
	pages={1398--1402},
	year={2003},
	organization={Ieee}
}

@article{kingma2013auto,
	title={Auto-encoding variational bayes},
	author={Kingma, Diederik P and Welling, Max},
	journal={arXiv preprint arXiv:1312.6114},
	year={2013}
}

@book{gersho2012vector,
	title={Vector quantization and signal compression},
	author={Gersho, Allen and Gray, Robert M},
	volume={159},
	year={2012},
	publisher={Springer Science \& Business Media}
}

@article{kullback1951information,
	title={On information and sufficiency},
	author={Kullback, Solomon and Leibler, Richard A},
	journal={The annals of mathematical statistics},
	volume={22},
	number={1},
	pages={79--86},
	year={1951},
	publisher={JSTOR}
}

@inproceedings{rolinek2019variational,
	title={Variational Autoencoders Pursue PCA Directions (by Accident)},
	author={Rolinek, Michal and Zietlow, Dominik and Martius, Georg},
	booktitle={Proceedings of the IEEE Conference on Computer Vision and Pattern Recognition},
	pages={12406--12415},
	year={2019}
}

@article{ye2018progressive,
	title={Progressive weight pruning of deep neural networks using admm},
	author={Ye, Shaokai and Zhang, Tianyun and Zhang, Kaiqi and Li, Jiayu and Xu, Kaidi and Yang, Yunfei and Yu, Fuxun and Tang, Jian and Fardad, Makan and Liu, Sijia and others},
	journal={arXiv preprint arXiv:1810.07378},
	year={2018}
}

@inproceedings{li2018learning,
	title={Learning convolutional networks for content-weighted image compression},
	author={Li, Mu and Zuo, Wangmeng and Gu, Shuhang and Zhao, Debin and Zhang, David},
	booktitle={Proceedings of the IEEE Conference on Computer Vision and Pattern Recognition},
	pages={3214--3223},
	year={2018}
}

@misc{zhao1901cae,
	title={CAE-ADMM: Implicit Bitrate Optimization via ADMM-based Pruning in Compressive Autoencoders.},
	author={Zhao, Haimeng and Liao, Peiyuan},
	year={1901}
}

@article{bengio2009learning,
	title={Learning deep architectures for AI},
	author={Bengio, Yoshua and others},
	journal={Foundations and trends{\textregistered} in Machine Learning},
	volume={2},
	number={1},
	pages={1--127},
	year={2009},
	publisher={Now Publishers, Inc.}
}

@article{lecun2015deep,
	title={Deep learning},
	author={LeCun, Yann and Bengio, Yoshua and Hinton, Geoffrey},
	journal={nature},
	volume={521},
	number={7553},
	pages={436--444},
	year={2015},
	publisher={Nature Publishing Group}
}

@TechReport{Lossy2017Theis,
	archivePrefix = {arXiv},
	arxivId = {1703.00395},
	author = {Theis, Lucas and Shi, Wenzhe and Cunningham, Andrew and Husz{\'{a}}r, Ferenc},
	print = {1703.00395},
	month = {mar},
	title = {{Lossy Image Compression with Compressive Autoencoders}},
	url = {http://arxiv.org/abs/1703.00395},
	year = {2017},
	institution={Cornell University Library}
}
@inproceedings{akbari2019dsslic,
	title={Dsslic: deep semantic segmentation-based layered image compression},
	author={Akbari, Mohammad and Liang, Jie and Han, Jingning},
	booktitle={ICASSP 2019-2019 IEEE International Conference on Acoustics, Speech and Signal Processing (ICASSP)},
	pages={2042--2046},
	year={2019},
	organization={IEEE}
}

@inproceedings{Autoregressive2018Minnen,
	archivePrefix = {arXiv},
	arxivId = {1809.02736},
	author = {Minnen, David and Ball{\'{e}}, Johannes and Toderici, George},
	booktitle = {NIPS},
	eprint = {1809.02736},
	month = {sep},
	title = {{Joint Autoregressive and Hierarchical Priors for Learned Image Compression}},
	url = {http://arxiv.org/abs/1809.02736},
	year = {2018}
}
@inproceedings{Variational2018Balle,
	archivePrefix = {arXiv},
	arxivId = {1802.01436},
	author = {Ball{\'{e}}, Johannes and Minnen, David and Singh, Saurabh and Hwang, Sung Jin and Johnston, Nick},
	booktitle = {ICLR},
	eprint = {1802.01436},
	month = {jan},
	title = {{Variational image compression with a scale hyperprior}},
	url = {http://arxiv.org/abs/1802.01436 https://arxiv.org/abs/1802.01436},
	year = {2018}
}
@article{End2016Balle,
	archivePrefix = {arXiv},
	arxivId = {1611.01704},
	author = {Ball{\'{e}}, Johannes and Laparra, Valero and Simoncelli, Eero P.},
	doi = {10.1016/S0197-3975(03)00059-6},
	eprint = {1611.01704},
	isbn = {0197-3975},
	issn = {01973975},
	journal = {ICLR},
	month = {nov},
	pmid = {16508805},
	title = {{End-to-end Optimized Image Compression}},
	url = {http://arxiv.org/abs/1611.01704},
	year = {2016}
}
@inproceedings{agustsson2019generative,
	title={Generative adversarial networks for extreme learned image compression},
	author={Agustsson, Eirikur and Tschannen, Michael and Mentzer, Fabian and Timofte, Radu and Gool, Luc Van},
	booktitle={Proceedings of the IEEE International Conference on Computer Vision},
	pages={221--231},
	year={2019}
}

@inproceedings{xingjian2015convolutional,
	title={Convolutional LSTM network: A machine learning approach for precipitation nowcasting},
	author={Xingjian, SHI and Chen, Zhourong and Wang, Hao and Yeung, Dit-Yan and Wong, Wai-Kin and Woo, Wang-chun},
	booktitle={Advances in neural information processing systems},
	pages={802--810},
	year={2015}
}

@article{mirza2014conditional,
	title={Conditional generative adversarial nets},
	author={Mirza, Mehdi and Osindero, Simon},
	journal={arXiv preprint arXiv:1411.1784},
	year={2014}
}

@inproceedings{GAN2017Rippel,
	archivePrefix = {arXiv},
	arxivId = {1705.05823},
	author = {Rippel, Oren and Bourdev, Lubomir},
	booktitle = {ICML},
	eprint = {1705.05823},
	title = {{Real-Time Adaptive Image Compression}},
	url = {http://arxiv.org/abs/1705.05823},
	year = {2017}
}

@inproceedings{santurkar2018generative,
	title={Generative compression},
	author={Santurkar, Shibani and Budden, David and Shavit, Nir},
	booktitle={2018 Picture Coding Symposium (PCS)},
	pages={258--262},
	year={2018},
	organization={IEEE}
}

@inproceedings{klys2018learning,
	title={Learning latent subspaces in variational autoencoders},
	author={Klys, Jack and Snell, Jake and Zemel, Richard},
	booktitle={Advances in Neural Information Processing Systems},
	pages={6444--6454},
	year={2018}
}



@article{doersch2016tutorial,
	title={Tutorial on variational autoencoders},
	author={Doersch, Carl},
	journal={arXiv preprint arXiv:1606.05908},
	year={2016}
}

@inproceedings{sonderby2016ladder,
	title={Ladder variational autoencoders},
	author={S{\o}nderby, Casper Kaae and Raiko, Tapani and Maal{\o}e, Lars and S{\o}nderby, S{\o}ren Kaae and Winther, Ole},
	booktitle={Advances in neural information processing systems},
	pages={3738--3746},
	year={2016}
}

@article{rezende2014stochastic,
	title={Stochastic backpropagation and approximate inference in deep generative models},
	author={Rezende, Danilo Jimenez and Mohamed, Shakir and Wierstra, Daan},
	journal={arXiv preprint arXiv:1401.4082},
	year={2014}
}

@article{ng2011sparse,
	title={Sparse autoencoder},
	author={Ng, Andrew and others},
	journal={CS294A Lecture notes},
	volume={72},
	number={2011},
	pages={1--19},
	year={2011},
	publisher={Stanford University}
}

@inproceedings{hore2010image,
	title={Image quality metrics: PSNR vs. SSIM},
	author={Hore, Alain and Ziou, Djemel},
	booktitle={2010 20th International Conference on Pattern Recognition},
	pages={2366--2369},
	year={2010},
	organization={IEEE}
}

@book{salomon2007data,
	title={Data compression: the complete reference},
	author={Salomon, David},
	year={2007},
	publisher={Springer Science \& Business Media}
}

@book{marques1999processamento,
	title={Processamento digital de imagens},
	author={Marques Filho, Og{\^e} and Neto, Hugo Vieira},
	year={1999},
	publisher={Brasport}
}

@book{gonzalez2009processamento,
	title={Processamento digital de imagens .},
	author={Gonzalez, Rafael C and Woods, Richard C},
	year={2009},
	publisher={Pearson Educaci{\'o}n}
}

@article{bourlard1988auto,
	title={Auto-association by multilayer perceptrons and singular value decomposition},
	author={Bourlard, Herv{\'e} and Kamp, Yves},
	journal={Biological cybernetics},
	volume={59},
	number={4-5},
	pages={291--294},
	year={1988},
	publisher={Springer}
}

@article{le1987modeles,
	title={Mod{\`e}les connexionnistes de l'apprentissage},
	author={Le Cun, Yann and Fogelman-Souli{\'e}, Fran{\c{c}}oise},
	journal={Intellectica},
	volume={2},
	number={1},
	pages={114--143},
	year={1987},
	publisher={Pers{\'e}e-Portail des revues scientifiques en SHS}
}

@inproceedings{hinton1994autoencoders,
	title={Autoencoders, minimum description length and Helmholtz free energy},
	author={Hinton, Geoffrey E and Zemel, Richard S},
	booktitle={Advances in neural information processing systems},
	pages={3--10},
	year={1994}
}

@article{rumelhart1986learning,
	title={Learning representations by back-propagating errors},
	author={Rumelhart, David E and Hinton, Geoffrey E and Williams, Ronald J},
	journal={Nature},
	volume={323},
	number={6088},
	pages={533},
	year={1986},
	publisher={Nature Publishing Group}
}

@book{geron2017hands,
	title={Hands-on machine learning with Scikit-Learn and TensorFlow: concepts, tools, and techniques to build intelligent systems},
	author={G{\'e}ron, Aur{\'e}lien},
	year={2017},
	publisher={" O'Reilly Media, Inc."}
}

@book{ketkar2017deep,
	title={Deep Learning with Python},
	author={Ketkar, Nikhil and others},
	year={2017},
	publisher={Springer}
}

@article{horn1985matrix,
	title={Matrix analysis cambridge university press},
	author={Horn, Roger A and Johnson, Charles R},
	journal={New York},
	volume={37},
	year={1985}
}

@electronic{Olah,
	author = { Olah,Christopher},
	editor = {colah's blog},
	title = {Understanding LSTM Networks},
	url = {https://colah.github.io/posts/2015-08-Understanding-LSTMs/},
	urldate = {19.10.2019},
	originalyear = {07.08.2015}
}



@electronic{sumit,
	author = {Saha, Sumit},
	editor = {{Towards Data Science}},
	title = {A Comprehensive Guide to Convolutional Neural Networks — the ELI5 way},
	url = {https://towardsdatascience.com/a-comprehensive-guide-to-convolutional-neural-networks-the-eli5-way-3bd2b1164a53},
	urldate = {13.10.2019},
	originalyear = {15.12.2018}
}

@article{leshno1993multilayer,
	title={Multilayer feedforward networks with a nonpolynomial activation function can approximate any function},
	author={Leshno, Moshe and Lin, Vladimir Ya and Pinkus, Allan and Schocken, Shimon},
	journal={Neural networks},
	volume={6},
	number={6},
	pages={861--867},
	year={1993},
	publisher={Elsevier}
}
@article{lstm,
	author = {Hochreiter, Sepp and Schmidhuber, Jürgen},
	title = {Long Short-Term Memory},
	journal = {Neural Computation},
	volume = {9},
	number = {8},
	pages = {1735-1780},
	year = {1997},
	doi = {10.1162/neco.1997.9.8.1735},
	URL = {https://doi.org/10.1162/neco.1997.9.8.1735},
	eprint = {https://doi.org/10.1162/neco.1997.9.8.1735}
}

@article{hornik1989multilayer,
	title={Multilayer feedforward networks are universal approximators},
	author={Hornik, Kurt and Stinchcombe, Maxwell and White, Halbert},
	journal={Neural networks},
	volume={2},
	number={5},
	pages={359--366},
	year={1989},
	publisher={Elsevier}
}

@book{FrancoisDeepLearning,
	title={Deep Learning wiht Python},
	author={CHOLLET,François.},
	isbn = {9781617294433},
	publisher={Maning Publications Co},
	year={2018}
}
@article{rumelhart1988learning,
	title={Learning representations by back-propagating errors},
	author={Rumelhart, David E and Hinton, Geoffrey E and Williams, Ronald J and others},
	journal={Cognitive modeling},
	volume={5},
	number={3},
	pages={1},
	year={1988}
}

@inproceedings{nair2010rectified,
	title={Rectified linear units improve restricted boltzmann machines},
	author={Nair, Vinod and Hinton, Geoffrey E},
	booktitle={Proceedings of the 27th international conference on machine learning (ICML-10)},
	pages={807--814},
	year={2010}
}

@article{xu2015empirical,
	title={Empirical evaluation of rectified activations in convolutional network},
	author={Xu, Bing and Wang, Naiyan and Chen, Tianqi and Li, Mu},
	journal={arXiv preprint arXiv:1505.00853},
	year={2015}
}
@book{Mitchell,
	title={Machine Learning},
	author={ Mitchell,Tom M.},
	publisher={McGraw-Hill Science},
	year={1997}
}

@book{bishop,
	title={Pattern Recognition and Machine Learning},
	author={Bishop,Christopher M.},
	publisher={Springer},
	year={2006}
}

@inproceedings{mendel,
	title={Reinforcement-learning control and pattern recognition systems},
	author={Mendel, JM and McLaren, RW},
	booktitle={A prelude to neural networks},
	pages={287--318},
	year={1994},
	organization={Prentice Hall Press}
}

@book{Goodfellow2016,
	title={Deep Learning},
	author={ Goodfellow,Simon and Bengio,Yoshua and Courville, Aaron},
	publisher={MIT Press},
	note={\url{http://www.deeplearningbook.org}},
	year={2016}
}

@book{Braga,
	title={Redes Neurais Artifiicais Teoria e Aplicação },
	author={ Braga,Antônio and Ludemir, Teresa and Carvalho, André},
	publisher={LTC},
	year={2000}
}

@book{Haykin,
	title={Redes Neurais Princípios e Prática},
	author={ Haykin, Simon},
	publisher={Prentice Hall},
	year={2001}
}

@BOOK{book:data:compression,
	title = {Introduction to Data Compression},
	publisher = {Morgan Kaufmann Publishers},
	year = {2000},
	author = {Khalid Sayood},
	edition = {2}
}



@InProceedings{Variable2016Toderici,
	archivePrefix = {arXiv},
	arxivId = {1511.06085},
	author = {Toderici, George and O'Malley, Sean M. and Hwang, Sung Jin and Vincent, Damien and Minnen, David and Baluja, Shumeet and Covell, Michele and Sukthankar, Rahul},
	eprint = {1511.06085},
	month = {nov},
	pages = {1--12},
	title = {{Variable Rate Image Compression with Recurrent Neural Networks}},
	url = {http://arxiv.org/abs/1511.06085},
	year = {2015},
	institution = {Cornell University Library},
	booktitle={International Conference on Learning Representations ({ICLR})}
}


@InProceedings{SpatiallyAdaptive2018Minnen,
	archivePrefix = {arXiv},
	arxivId = {1802.02629},
	author = {Minnen, David and Toderici, George and Covell, Michele and Chinen, Troy and Johnston, Nick and Shor, Joel and Hwang, Sung Jin and Vincent, Damien and Singh, Saurabh},
	eprint = {1802.02629},
	month = {feb},
	title = {{Spatially adaptive image compression using a tiled deep network}},
	url = {http://arxiv.org/abs/1802.02629},
	year = {2017},
	booktitle={International Conference on Image Processing}
}

@Misc{kodak,
	title = 	 {Kodak Image Dataset},
	month = 	 {Accessed in July},
	year = 	 {2019},
	note = 	 {Available from \url{http://www.cs.albany.edu/~xypan/research/snr/Kodak.html}},
}

@inproceedings{nie2010efficient,
	title={Efficient and robust feature selection via joint l2, 1-norms minimization},
	author={Nie, Feiping and Huang, Heng and Cai, Xiao and Ding, Chris H},
	booktitle={Advances in neural information processing systems},
	pages={1813--1821},
	year={2010}
}

@TechReport{DeliverableJuly,
	author = {E. M. Hung and E. Peixoto and B. Macchiavello and T. de Campos and N. Guerin and H. Jung and M. França and R. Soares},
	month = {July},
	title = {{A review of the state-of-the-art in AI-based image codecs}},
	year = {2019},
	institution = {Universidade de Brasilia}	
}

@TechReport{DeliverableSeptember,
	author = {E. M. Hung and E. Peixoto and B. Macchiavello and T. de Campos and N. Guerin and H. Jung and M. França and R. Soares},
	month = {September},
	title = {{Hybrid DPCM artificial intelligence based image codec}},
	year = {2019},
	institution = {Universidade de Brasilia}	
}

@article{kingma2014adam,
	title={Adam: A method for stochastic optimization},
	author={Kingma, Diederik P and Ba, Jimmy},
	journal={arXiv preprint arXiv:1412.6980},
	year={2014}
}
@Misc{implementationRNNPytorch,
	title = 	 {pytorch-image-comp-rnn},
	howpublished = {Github repository},
	month = 	 {commited on April 19},
	year = 	 {2018},
	note = 	 {{PyTorch} source code for Full Resolution Image Compression with Recurrent Neural Networks, available from \url{https://github.com/1zb/pytorch-image-comp-rnn}},
}
@TechReport{Priming2017Johnston,
	archivePrefix = {arXiv},
	arxivId = {1703.10114},
	author = {Johnston, Nick and Vincent, Damien and Minnen, David and Covell, Michele and Singh, Saurabh and Chinen, Troy and Hwang, Sung Jin and Shor, Joel and Toderici, George},
	eprint = {1703.10114},
	month = {mar},
	title = {{Improved Lossy Image Compression with Priming and Spatially Adaptive Bit Rates for Recurrent Networks}},
	url = {http://arxiv.org/abs/1703.10114},
	year = {2017},
	institution = {Cornell University Library}
}

@Misc{kodak,
	title = 	 {Kodak Image Dataset},
	month = 	 {Accessed in July},
	year = 	 {2019},
	note = 	 {Available from \url{http://www.cs.albany.edu/~xypan/research/snr/Kodak.html}},
}

@TechReport{target,
	arxivId = {1705.06687},
	author = {Covell, Michele and Johnston, Nick and Minnen, David and Hwang, Sung Jin and Shor, Joel and Singh, Saurabh and Vincent, Damien and Toderici, George},
	eprint = {1705.06687},
	month = {may},
	title = {{Target-Quality Image Compression with Recurrent, Convolutional Neural Networks}},
	url = {http://arxiv.org/abs/1705.06687},
	year = {2017},
	institution = {Cornell University Library}
}

@misc{su2017,
	author = {Su,Po-Hsun},
	title = {pytorch-ssim},
	year = {2017},
	publisher = {GitHub},
	journal = {GitHub repository},
	howpublished = {\url{https://github.com/Po-Hsun-Su/pytorch-ssim}},
	commit = {d6adfb5094b50a3d9176e06891bfd1af6124403d}
}

@article{radford2015unsupervised,
	title={Unsupervised representation learning with deep convolutional generative adversarial networks},
	author={Radford, Alec and Metz, Luke and Chintala, Soumith},
	journal={arXiv preprint arXiv:1511.06434},
	year={2015}
}
@article{Jiang1999,
	title={Image compression with neural networks--a survey},
	author={Jiang, J},
	journal={Signal processing: image Communication},
	volume={14},
	number={9},
	pages={737--760},
	year={1999},
	publisher={Elsevier}
}

@Misc{implementationRNNPytorch,
	title = 	 {pytorch-image-comp-rnn},
	howpublished = {Github repository},
	month = 	 {commited on April 19},
	year = 	 {2018},
	note = 	 {{PyTorch} source code for Full Resolution Image Compression with Recurrent Neural Networks, available from \url{https://github.com/1zb/pytorch-image-comp-rnn}},
}


@Misc{bib:clic,
	title = 	 {Dataset of the {CVPR} Workshop and Challenge on Learned Image Compression ({CLIC})},
	howpublished = {online},
	note = 	 {\url{http://www.compression.cc}},
}


@InProceedings{bib:div2k,
	author = {Agustsson, Eirikur and Timofte, Radu},
	title = {{NTIRE} 2017 Challenge on Single Image Super-Resolution: Dataset and Study},
	booktitle = {The {IEEE} Conference on Computer Vision and Pattern Recognition ({CVPR}) Workshops},
	month = {July},
	year = {2017},
	note = {{DIV2K} dataset: {DIV}erse 2{K} resolution high quality images as used for the challenges at {NTIRE} ({CVPR} 2017 and {CVPR} 2018) and at {PIRM} ({ECCV} 2018), available from  \url{https://data.vision.ee.ethz.ch/cvl/DIV2K/}}
} 


@inproceedings{bib:ultraeye,
	title = {{Ultra-Eye}: {UHD} and {HD} images eye tracking dataset},
	author = {Nemoto, Hiromi and Hanhart, Philippe and Korshunov, Pavel  and Ebrahimi, Touradj},
	abstract = {Due to the recent advances in ultra high definition (UHD)  displays, UHD TV may replace HD TV in a near future.  However, little is known about the effect of UHD content on  human visual perception, specifically, on human visual  attention, viewing strategies, and visual saliency. To help  studying these properties of the human visual system and  their dynamics when HD content is replaced with UHD  content, a publicly accessible dataset is proposed, which  is composed of 41 4K UHD and HD images with corresponding  eye tracking information. The eye tracking information  includes the fixation points and fixation density maps  measured during extensive subjective experiments. In this  paper, we describe the dataset in details, including the  strategy for content selection, the eye-tracking  experiments, and the computation of the fixation density  maps.},
	url = {http://infoscience.epfl.ch/record/200190},
	booktitle={Sixth International Workshop on Quality of Multimedia Experience ({QoMEX})},
	address={Singapore},
	month={September},
	year={2014},
	note={Available from \url{http://mmspg.epfl.ch/ultra-eye}}
}

@inproceedings{FullResolution2017Toderici,
	title={Full resolution image compression with recurrent neural networks},
	author={Toderici, George and Vincent, Damien and Johnston, Nick and Jin Hwang, Sung and Minnen, David and Shor, Joel and Covell, Michele},
	booktitle={Proceedings of the {IEEE} Conference on Computer Vision and Pattern Recognition ({CVPR})},
	pages={5306--5314},
	year={2017},
	note={Preprint available at \url{http://arxiv.org/abs/1608.05148}}
}
@BOOK{book:data:compression,
	title = {Introduction to Data Compression},
	publisher = {Morgan Kaufmann Publishers},
	year = {2000},
	author = {Khalid Sayood},
	edition = {2}
}

@article{boliek2000information,
	title={Information Technology: JPEG2000 Image Coding System},
	author={Boliek, Martin and Christopoulos, Charilaos and Majani, Eric},
	journal={published by ISO/IEC as},
	pages={15444--1},
	year={2000}
}
